<?xml version="1.0" encoding="utf-8"?>
<Document xmlns="http://www.six-interbank-clearing.com/de/pain.001.001.03.ch.02.xsd">
  <CstmrCdtTrfInitn>
    <GrpHdr>
      <MsgId>11</MsgId>
      <CreDtTm>2018-12-20T20:03:25.1883739+01:00</CreDtTm>
      <NbOfTxs>1</NbOfTxs>
      <CtrlSum>1000.0000</CtrlSum>
      <InitgPty>
        <Nm>Creditfolio AG</Nm>
      </InitgPty>
    </GrpHdr>
    <PmtInf>
      <PmtInfId>11</PmtInfId>
      <PmtMtd>TRF</PmtMtd>
      <BtchBookg>true</BtchBookg>
      <ReqdExctnDt>2018-12-20</ReqdExctnDt>
      <Dbtr>
        <Nm>Creditfolio AG</Nm>
      </Dbtr>
      <DbtrAcct>
        <Id>
          <IBAN>CH6309000000250097798</IBAN>
        </Id>
      </DbtrAcct>
      <DbtrAgt>
        <FinInstnId>
          <BIC>POFICHBEXXX</BIC>
        </FinInstnId>
      </DbtrAgt>
      <CdtTrfTxInf>
        <PmtId>
          <InstrId>10000007</InstrId>
          <EndToEndId>10000007</EndToEndId>
        </PmtId>
        <Amt>
          <InstdAmt Ccy="CHF">1000.0000</InstdAmt>
        </Amt>
        <CdtrAgt>
          <FinInstnId>
            <ClrSysMmbId>
              <ClrSysId>
                <Cd>CHBCC</Cd>
              </ClrSysId>
              <MmbId>00233</MmbId>
            </ClrSysMmbId>
          </FinInstnId>
        </CdtrAgt>
        <Cdtr>
          <Nm>PersonX PersonY</Nm>
          <PstlAdr>
            <AdrLine>StreetH 43</AdrLine>
            <AdrLine>4332 Stein</AdrLine>
          </PstlAdr>
        </Cdtr>
        <CdtrAcct>
          <Id>
            <IBAN>CH5608307000038943301</IBAN>
          </Id>
        </CdtrAcct>
        <RmtInf>
          <Ustrd>Creditfolio Stornierung Investment - I10000064</Ustrd>
        </RmtInf>
      </CdtTrfTxInf>
    </PmtInf>
  </CstmrCdtTrfInitn>
</Document>